<?xml version="1.0" encoding="UTF-8"?><collection xmlns="http://www.loc.gov/MARC21/slim"><record><leader>00475nam--2200145-i-4500</leader><controlfield tag="001">000012942</controlfield><controlfield tag="002">20161230</controlfield><controlfield tag="005">20170224014802</controlfield><controlfield tag="008">060222s1000------------r-----000-0-eng-d</controlfield><datafield ind1=" " ind2=" " tag="100"><subfield code="a">Colliot-Thelene, Jean-Louis</subfield></datafield><datafield ind1=" " ind2=" " tag="245"><subfield code="a">Contributions a l etude des points rationnels de certaines varietes algebriques: relations d equivalence et problemes birationnels</subfield><subfield code="b">these</subfield></datafield><datafield ind1=" " ind2=" " tag="260"><subfield code="a">Paris</subfield><subfield code="b">L Universite</subfield><subfield code="c">1978</subfield></datafield><datafield ind1=" " ind2=" " tag="300"><subfield code="a">39 p</subfield></datafield><datafield ind1=" " ind2=" " tag="852"><subfield code="a">46826</subfield><subfield code="c">512</subfield></datafield><datafield ind1=" " ind2=" " tag="CAT"><subfield code="a">SYS</subfield><subfield code="c">20170224</subfield><subfield code="h">014802</subfield></datafield></record></collection>